<?xml version="1.0" encoding="UTF-8"?><record xmlns="http://www.loc.gov/MARC21/slim" xmlns:cinclude="http://apache.org/cocoon/include/1.0" xmlns:zs="http://www.loc.gov/zing/srw/">
  <leader>00590nz  a2200145n  4500</leader>
  <controlfield tag="001">no2006020261</controlfield>
  <controlfield tag="003">DLC</controlfield>
  <controlfield tag="005">20060225071029.0</controlfield>
  <controlfield tag="008">060224n| acannaabn          |a ana      </controlfield>
  <datafield tag="010" ind1=" " ind2=" ">
    <subfield code="a">no2006020261</subfield>
  </datafield>
  <datafield tag="035" ind1=" " ind2=" ">
    <subfield code="a">(OCoLC)oca06864957</subfield>
  </datafield>
  <datafield tag="040" ind1=" " ind2=" ">
    <subfield code="a">DLC-S</subfield>
    <subfield code="b">eng</subfield>
    <subfield code="c">DLC-S</subfield>
  </datafield>
  <datafield tag="110" ind1="2" ind2=" ">
    <subfield code="a">Nauchnyĭ sovet po teplofizike (Rossiĭskai︠a︡ akademii︠a︡ nauk)</subfield>
  </datafield>
  <datafield tag="410" ind1="2" ind2=" ">
    <subfield code="a">Rossiĭskai︠a︡ akademii︠a︡ nauk.</subfield>
    <subfield code="b">Nauchnyĭ sovet po teplofizike</subfield>
  </datafield>
  <datafield tag="670" ind1=" " ind2=" ">
    <subfield code="a">Fizika ėkstremalʹnykh sostoi︠a︡niĭ veshchestva, 2004:</subfield>
    <subfield code="b">t.p. (Rossiĭskai︠a︡ akademii︠a︡ nauk, Nauchnyĭ sovet po teplofizike)</subfield>
  </datafield>
</record>